@article{Kumar2012,
author = {Vijay Kumar and Nathan Michael},
title = {Opportunities and challenges with autonomous micro aerial vehicles},
journal = {The International Journal of Robotics Research},
volume = {31},
number = {11},
pages = {1279-1291},
year = {2012},
}

@Article{Lindsey2012,
author="Lindsey, Quentin and Mellinger, Daniel and Kumar, Vijay",
title="Construction with quadrotor teams",
journal="Autonomous Robots",
year="2012",
volume="33",
number="3",
pages="323--336",
issn="1573-7527"
}

@article{Zhao2016,
  added-at = {2016-06-10T00:00:00.000+0200},
  author = {Moju Zhao and Koji Kawasaki and Kei Okada and Masayuki Inaba},
  journal = {Advanced Robotics},
  keywords = {dblp},
  number = 13,
  pages = {825-845},
  title = {Transformable multirotor with two-dimensional multilinks: modeling, control, and motion planning for aerial transformation.},
  volume = 30,
  year = 2016
}

@article{Young,
author = {P. C. YOUNG and J. C. WILLEMS},
title = {An approach to the linear multivariable servomechanism problemâ€ },
journal = {International Journal of Control},
volume = {15},
number = {5},
pages = {961-979},
year = {1972},
}

@article{Zhao2014,
  title={Simultaneous Environment Modeling and Deployment of Network by Dropping Wireless Modules Based on Radio Field Intensity Measurement Using an Micro Aerial Robot},
  author={Moju Zhao and Koji Kawasaki and Yohei Kakiuchi and Kei Okada and Masayuki Inaba},
  journal={Journal of the Robotics Society of Japan},
  volume={32},
  number={7},
  pages={643-650},
  year={2014},
}

@proceedings{ZhaoICRA2017,
  author={Moju Zaho, Koji Kawasaki, Xiangyu Chen, Shintaro Noda, Kei Okeda, Masayuki Inaba},
  title={Whole-body Aerial Manipulation by Transformable Multirotor with Two-dimensional Multilinks},
  booktitle={Robotics and Automation, 2017. ICRA 2017. Proceedings of the 2017 IEEE International Conference on},
  year={2017}
}

@book{CAN,
  author={K. Etschberger},
  title={Controller Area Network: Basics, Protocols, Chips and Applications},
  year={2001}
}